@book{carte,
author = {Hans van Ditmarsch; Wiebe van der Hoek; Barteld Kooi},
title  = {Dynamic epistemic logic},
publisher = {Springer},
year = {2008},
}
@InCollection{sep-logic-modal-origins,
	author       =	{Ballarin, Roberta},
	title        =	{Modern Origins of Modal Logic},
	booktitle    =	{The Stanford Encyclopedia of Philosophy},
	editor       =	{Edward N. Zalta},
	howpublished =	{\url{https://plato.stanford.edu/archives/sum2017/entries/logic-modal-origins/}},
	year         =	{2017},
	edition      =	{Summer 2017},
	publisher    =	{Metaphysics Research Lab, Stanford University}
}

@misc{video,
title = {3 Months of Modal Logics},
author = {Carneades.org},
year = 2015,
source = {youtube},
URL = {https://www.youtube.com/watch?v=JHyfy0Chcs4&index=1&list=PLz0n_SjOttTfP_liEHPNCzvESZsh5eirP},

}
@book{hintikka,
author = {Hintikka, J.},
year = {1962},
title = {Knowledge and Belief: An Introduction to
the Logic of the Two Notions},
publisher = {Cornell: Cornell University
Press.},
}

@book{mdlfom,
   title =     {Modal Logic for Open Minds},
   author =    {Johan van Benthem},
   publisher = {CSLI Publications},
   isbn =      {9781575865980},
   year =      {2000},
   series =    {Center for the Study of Language and Information - CSLI Lecture Notes 199},
}

@InCollection{sep-logic-epistemic,
	author       =	{Hendricks, Vincent and Symons, John},
	title        =	{Epistemic Logic},
	booktitle    =	{The Stanford Encyclopedia of Philosophy},
	editor       =	{Edward N. Zalta},
	howpublished =	{\url{https://plato.stanford.edu/archives/fall2015/entries/logic-epistemic/}},
	year         =	{2015},
	edition      =	{Fall 2015},
	publisher    =	{Metaphysics Research Lab, Stanford University}
}
@book{art,
title = {Introduction to Formal Philosophy},
chapter = {Epistemic Logic and Epistemology},
author = {Wesley H. Holliday},
publisher = {Springer}, 
year = {2018},
}

@book{art2,
title = {Epistemic Logic and Epistemology: The State of their Affairs},
author = {van Benthem, J. Philos Stud},
year = {2006},
publisher = {Springer},
DOI = {https://doi.org/10.1007/s11098-005-4052-0},

}


